@online{ETSIts36211,
  title={ETSI TS 36.211 V8.6.0},
  author={European Telecommunications Standards Institute},
  year={2009},
  url = {http://www.etsi.org/deliver/etsi_ts/136200_136299/136211/10.00.00_60/ts_136211v100000p.pdf},
  urldate = {2018-03-18}
}
@online{release8,
  title={Overview of 3GPP Release 8V0.3.3 (2014-09)},
  author={3rd Generation Partnership Project (3GPP)},
  year={2014},
  url = {http://www.3gpp.org/ftp/Information/WORK_PLAN/Description_Releases/},
  urldate = {2018-03-18}
}
@online{release12,
  title={Release 12},
  author={3rd Generation Partnership Project (3GPP)},
  year={2015},
  url = {http://www.3gpp.org/release-12},
  urldate = {2018-02-23}
}
@online{release13,
  title={Release 13},
  author={3rd Generation Partnership Project (3GPP)},
  year={2016},
  url = {http://www.3gpp.org/release-13},
  urldate = {2018-02-23}
}
@online{release14,
  title={Release 14},
  author={3rd Generation Partnership Project (3GPP)},
  year={2018},
  url = {http://www.3gpp.org/release-14},
  urldate = {2018-02-23}
}
@online{release15,
  title={Release 15},
  author={3rd Generation Partnership Project (3GPP)},
  year={2018},
  url = {http://www.3gpp.org/release-15},
  urldate = {2018-02-23}
}
@online{release16,
  title={Release 16},
  author={3rd Generation Partnership Project (3GPP)},
  year={2018},
  url = {http://www.3gpp.org/release-16},
  urldate = {2018-02-23}
}
@online{EPS,
  title={The Evolved Packet Core},
  author={3rd Generation Partnership Project (3GPP)},
  year={2009},
  url={http://www.3gpp.org/technologies/keywords-acronyms/100-the-evolved-packet-core},
  urldate={2018-03-20}
}
@inproceedings{diaz20163gpp,
  title={3GPP standards to deliver LTE connectivity for IoT},
  author={Díaz-Zayas, Almudena and García-Pérez, Cesar A and Recio-Pérez, Álvaro M and Merino, Pedro},
  booktitle={Internet-of-Things Design and Implementation (IoTDI), 2016 IEEE First International Conference on},
  pages={283--288},
  year={2016},
  organization={IEEE}
}
@article{gozalvez2016new,
  title={New 3GP
  P standard for IoT [mobile radio]},
  author={Gozalvez, Javier},
  journal={IEEE Vehicular Technology Magazine},
  volume={11},
  number={1},
  pages={14--20},
  year={2016},
  publisher={IEEE}
}
@inproceedings{ratasuk2016nb,
  title={NB-IoT system for M2M communication},
  author={Ratasuk, Rapeepat and Vejlgaard, Benny and Mangalvedhe, Nitin and Ghosh, Amitava},
  booktitle={Wireless Communications and Networking Conference (WCNC), 2016 IEEE},
  pages={1--5},
  year={2016},
  organization={IEEE}
}
@inproceedings{ratasuk2015overview,
  title={Overview of LTE enhancements for cellular IoT},
  author={Ratasuk, Rapeepat and Mangalvedhe, Nitin and Ghosh, Amitava},
  booktitle={Personal, Indoor, and Mobile Radio Communications (PIMRC), 2015 IEEE 26th Annual International Symposium on},
  pages={2293--2297},
  year={2015},
  organization={IEEE}
}
@inproceedings{ratasuk2015recent,
  title={Recent advancements in M2M communications in 4G networks and evolution towards 5G},
  author={Ratasuk, Rapeepat and Prasad, Athul and Li, Zexian and Ghosh, Amitava and Uusitalo, Mikko A},
  booktitle={Intelligence in Next Generation Networks (ICIN), 2015 18th International Conference on},
  pages={52--57},
  year={2015},
  organization={IEEE}
}
@inproceedings{ratasuk2016overview,
  title={Overview of narrowband IoT in LTE Rel-13},
  author={Ratasuk, Rapeepat and Mangalvedhe, Nitin and Zhang, Yanji and Robert, Michel and Koskinen, Jussi-Pekka},
  booktitle={Standards for Communications and Networking (CSCN), 2016 IEEE Conference on},
  pages={1--7},
  year={2016},
  organization={IEEE}
}
@inproceedings{ratasuk2014ltem,
  title={Narrowband LTE-M system for M2M communication},
  author={Ratasuk, Rapeepat and Mangalvedhe, Nitin and Ghosh, Amitava and Vejlgaard, Benny},
  booktitle={Vehicular Technology Conference (VTC Fall), 2014 IEEE 80th},
  pages={1--5},
  year={2014},
  organization={IEEE}
}
@inproceedings{nokiawhitepaper,
  title={LTE Evolution for IoT Connectivity},
  author={Nokia Solutions {and} Networks},
  pages={1--15},
  year={2015}
}
@online{gsmawhitepaper,
  title={3GPP Low Power Wide Area Technologies},
  author={GSM Association},
  pages={19},
  year={2017},
  url={https://www.gsma.com/iot/wp-content/uploads/2016/10/3GPP-Low-Power-Wide-Area-Technologies-GSMA-White-Paper.pdf},
  urldate={2018-03-17},
  organization={GSMA}
}
@article{ghavimi2015m2m,
  title={M2M communications in 3GPP LTE/LTE-A networks: Architectures, service requirements, challenges, and applications},
  author={Ghavimi, Fayezeh and Chen, Hsiao-Hwa},
  journal={IEEE Communications Surveys \& Tutorials},
  volume={17},
  number={2},
  pages={525--549},
  year={2015},
  publisher={IEEE}
}
@article{wu2011m2m,
  title={M2M: From mobile to embedded internet},
  author={Wu, Geng and Talwar, Shilpa and Johnsson, Kerstin and Himayat, Nageen and Johnson, Kevin D},
  journal={IEEE Communications Magazine},
  volume={49},
  number={4},
  year={2011},
  publisher={IEEE}
}
@article{sundmaeker2010vision,
  title={Vision and challenges for realising the Internet of Things},
  author={Sundmaeker, Harald and Guillemin, Patrick and Friess, Peter and Woelffl{\'e}, Sylvie},
  journal={Cluster of European Research Projects on the Internet of Things, European Commision},
  volume={3},
  number={3},
  pages={34--36},
  year={2010}
}
@article{astely2009lte,
  title={LTE: the evolution of mobile broadband},
  author={Ast{\'e}ly, David and Dahlman, Erik and Furusk{\"a}r, Anders and Jading, Ylva and Lindstr{\"o}m, Magnus and Parkvall, Stefan},
  journal={IEEE Communications magazine},
  volume={47},
  number={4},
  year={2009},
  publisher={IEEE}
}
@inproceedings{chen2012challenges,
  title={Challenges and opportunities of internet of things},
  author={Chen, Yen-Kuang},
  booktitle={Design Automation Conference (ASP-DAC), 2012 17th Asia and South Pacific},
  pages={383--388},
  year={2012},
  organization={IEEE}
}
@article{sharawi2010rf,
  title={RF planning and optimization for LTE Networks},
  author={Sharawi, Mohammad S},
  journal={Evolved Cellular Network Planning and Optimization for UMTS and LTE},
  pages={399},
  year={2010},
  publisher={CRC Press, To appear}
}

http://www.internet-of-things-research.eu/pdf/IoT_Clusterbook_March_2010.pdf
@article{atzori2010internet,
  title={The internet of things: A survey},
  author={Atzori, Luigi and Iera, Antonio and Morabito, Giacomo},
  journal={Computer networks},
  volume={54},
  number={15},
  pages={2787--2805},
  year={2010},
  publisher={Elsevier}
}

@unpublished{harmaala,
author={Harmaala, Ville},
title={Koneiden välinen tietoliikenne LTE-järjestelmissä},
school={Aalto-yliopiston Sähkötekniikan korkeakoulu},
year={2016},
note={Kandidaatintyö}
}
@article{chambers2016multefire,
  title={MulteFire™ lights up the path for universal wireless service},
  author={Chambers, David},
  journal={white paper, ThinkSmallCell and Multe-Fire Alliance},
  year={2016}
}

@article{hoymann2016lte,
  title={LTE release 14 outlook},
  author={Hoymann, Christian and Astely, David and Stattin, Magnus and Wikstrom, Gustav and Cheng, Jung-Fu and Hoglund, Andreas and Frenne, Mattias and Blasco, Ricardo and Huschke, Joerg and Gunnarsson, Fredrik},
  journal={IEEE Communications Magazine},
  volume={54},
  number={6},
  pages={44--49},
  year={2016},
  publisher={IEEE}
}
@online{ericssonITS,
  title={LTE for Intelligent Transport Systems},
  author={Sorrentino, Stefano},
  year={2016},
  url={https://www.ericsson.com/research-blog/lte-intelligent-transport-systems/},
  urldate={2018-03-30},
}

@online{ericssonRelease14,
  title={Release 14: The Start of 5G Standardization},
  author={Parkvall, Stefan},
  year={2015},
  url={https://www.ericsson.com/research-blog/release-14-the-start-of-5g-standardization/},
  urldate={2018-04-16}
}

@inproceedings{ismaiel2017survey,
  title={A Survey and Comparison Of Device-To-Device Architecture Using LTE unlicensed Band},
  author={Ismaiel, Bushra and Abolhasan, Mehran and Smith, David and Ni, Wei and Franklin, Daniel},
  booktitle={Vehicular Technology Conference (VTC Spring), 2017 IEEE 85th},
  pages={1--5},
  year={2017},
  organization={IEEE}
}

@article{naik2018coexistence,
  title={Coexistence of Wireless Technologies in the 5 GHz Bands: A Survey of Existing Solutions and a Roadmap for Future Research},
  author={Naik, Gaurang and Liu, Jinshan and Park, Jung-Min},
  journal={IEEE Communications Surveys \& Tutorials},
  year={2018},
  publisher={IEEE}
}
@article{zinno2018fair,
  title={On a fair coexistence of LTE and Wi-Fi in the unlicensed spectrum: A Survey},
  author={Zinno, S and Di Stasi, G and Avallone, S and Ventre, G},
  journal={Computer Communications},
  volume={115},
  pages={35--50},
  year={2018},
  publisher={Elsevier}
}
@online{multefire2015lte,
  title={Introducing MulteFire: LTE-like performance with Wi-Fi-like simplicity},
  author={Branda, Matt},
  year={2015},
  url={https://www.qualcomm.com/news/onq/2015/06/11/introducing-multefire-lte-performance-wi-fi-simplicity},
  urldate={2018-04-02}
}

@article{hoglund2017overview,
  title={Overview of 3GPP Release 14 Enhanced NB-IoT},
  author={Hoglund, Andreas and Lin, Xingqin and Liberg, Olof and Behravan, Ali and Yavuz, Emre A and Van Der Zee, Martin and Sui, Yutao and Tirronen, Tuomas and Ratilainen, Antti and Eriksson, David},
  journal={IEEE Network},
  volume={31},
  number={6},
  pages={16--22},
  year={2017},
  publisher={IEEE}
}

@inproceedings{ratasuk2017enhancements,
  title={Enhancements of narrowband IoT in 3GPP Rel-14 and Rel-15},
  author={Ratasuk, Rapeepat and Mangalvedhe, Nitin and Xiong, Zhilan and Robert, Michel and Bhatoolaul, David},
  booktitle={Standards for Communications and Networking (CSCN), 2017 IEEE Conference on},
  pages={60--65},
  year={2017},
  organization={IEEE}
}

@online{multefire11,
  title={Advances in MulteFire},
  author={Litjens, Stephan},
  year={2018},
  url={https://www.multefire.org/wp-content/uploads/Advances-in-MulteFire_MWC-2018.pdf},
  urldate={2018-04-27}
}

@online{5GNRSpecs,
  title={First 5G NR Specs Approved},
  author={3rd Generation Partnership Project},
  year={2017},
  url={http://www.3gpp.org/news-events/3gpp-news/1929-nsa_nr_5g},
  urldate={2018-04-27}
}

@techreport{TS38211,
title = {TS 38.211 V2.0.0},
author = {3rd Generation Partnership Project},
year = {2017},
type = {Standardi}
}